@article{src:lagranto,
author = {Sprenger, M. and Wernli, Heini},
year = {2015},
month = {08},
pages = {},
title = {The LAGRANTO Lagrangian analysis tool - version 2.0},
volume = {8},
journal = {Geoscientific Model Development},
doi = {10.5194/gmd-8-2569-2015}
}

@book{src:numerical_recipes,
author = {Press, William H. and Teukolsky, Saul A. and Vetterling, William T. and Flannery, Brian P.},
title = {Numerical Recipes in C (2nd Ed.): The Art of Scientific Computing},
year = {1992},
isbn = {0521431085},
publisher = {Cambridge University Press},
address = {USA}
}

@book{src:vtk,
author = {Schroeder, Will and Martin, Ken and Lorensen, Bill},
year = {2006},
title = {The Visualization Toolkit (4th ed.)},
publisher = {Kitware},
isbn = {978-1-930934-19-1}
}
